<record><leader>00000cas a22000007a 4500</leader><controlfield tag="001">26820041</controlfield><controlfield tag="008">921020d1986198uohuer ne      0    0eng d</controlfield><datafield ind1=" " ind2=" " tag="010"><subfield code="a">sn 92063866 </subfield></datafield><datafield ind1=" " ind2=" " tag="040"><subfield code="a">ONP</subfield><subfield code="b">eng</subfield><subfield code="c">ONP</subfield><subfield code="d">OCLCQ</subfield></datafield><datafield ind1=" " ind2=" " tag="042"><subfield code="a">msc</subfield></datafield><datafield ind1="0" ind2=" " tag="130"><subfield code="a">Newswick (Wickliffe, Ohio)</subfield></datafield><datafield ind1="1" ind2="0" tag="245"><subfield code="a">Newswick.</subfield></datafield><datafield ind1=" " ind2=" " tag="260"><subfield code="a">Wickliffe, Ohio :</subfield><subfield code="b">Silver Cloud Pub. Co.,</subfield><subfield code="c">1986-</subfield></datafield><datafield ind1=" " ind2=" " tag="300"><subfield code="a">v.</subfield></datafield><datafield ind1=" " ind2=" " tag="310"><subfield code="a">Biweekly</subfield></datafield><datafield ind1="0" ind2=" " tag="362"><subfield code="a">Vol. 1, issue 1 (Mar. 25, 1986)-</subfield></datafield><datafield ind1=" " ind2="4" tag="651"><subfield code="a">Wickliffe (Ohio)</subfield><subfield code="v">Newspapers.</subfield></datafield><datafield ind1=" " ind2="4" tag="651"><subfield code="a">Lake County (Ohio)</subfield><subfield code="v">Newspapers.</subfield></datafield><datafield ind1=" " ind2=" " tag="752"><subfield code="a">United States</subfield><subfield code="b">Ohio</subfield><subfield code="c">Lake</subfield><subfield code="d">Wickliffe.</subfield></datafield></record>